<record><leader>00000cas a22000007a 4500</leader><controlfield tag="001">14510639</controlfield><controlfield tag="008">861023d18961898iauwr ne      0    0eng d</controlfield><datafield ind1=" " ind2=" " tag="010"><subfield code="a">sn 86060302 </subfield></datafield><datafield ind1=" " ind2=" " tag="040"><subfield code="a">INP</subfield><subfield code="b">eng</subfield><subfield code="c">INP</subfield><subfield code="d">OCLCQ</subfield></datafield><datafield ind1=" " ind2=" " tag="042"><subfield code="a">msc</subfield></datafield><datafield ind1="0" ind2=" " tag="130"><subfield code="a">Republican (Corning, Iowa)</subfield></datafield><datafield ind1="1" ind2="4" tag="245"><subfield code="a">The Republican.</subfield></datafield><datafield ind1=" " ind2=" " tag="260"><subfield code="a">Corning, Adams Co., Iowa :</subfield><subfield code="b">R.E. Glover</subfield></datafield><datafield ind1=" " ind2=" " tag="300"><subfield code="a">v. :</subfield><subfield code="b">ill. ;</subfield><subfield code="c">57 cm.</subfield></datafield><datafield ind1=" " ind2=" " tag="310"><subfield code="a">Weekly</subfield></datafield><datafield ind1="1" ind2=" " tag="362"><subfield code="a">Issued 1896-1898.</subfield><subfield code="z">Cf. Bibl. of Iowa newspapers.</subfield></datafield><datafield ind1=" " ind2=" " tag="500"><subfield code="a">"Women's edition" devoted to Corning's history issued Jan. 1, 1898.</subfield></datafield><datafield ind1=" " ind2=" " tag="500"><subfield code="a">"Republican today, Republican tomorrow, Republican always," &lt;Jan. 6, 1898&gt;.</subfield></datafield><datafield ind1=" " ind2=" " tag="588"><subfield code="a">Description based on: Vol. 2, no. 45 (Jan. 1, 1898).</subfield></datafield><datafield ind1=" " ind2=" " tag="752"><subfield code="a">United States</subfield><subfield code="b">Iowa</subfield><subfield code="c">Adams</subfield><subfield code="d">Corning.</subfield></datafield><datafield ind1="0" ind2="7" tag="785"><subfield code="t">Adams County union</subfield><subfield code="w">(DLC)sn 86060123</subfield></datafield><datafield ind1="0" ind2="7" tag="785"><subfield code="t">Adams County union-Republican</subfield><subfield code="w">(DLC)sn 86060122</subfield></datafield></record>